@inproceedings{DVFS:CMP,
  address =       {New York, NY, USA},
  author =        {Sebastian Herbert and Diana Marculescu},
  booktitle =     {Proceedings of the 2007 International Symposium on Low-Power Electronics and Design (ISLPED'07)},
  pages =         {38--43},
  publisher =     {ACM},
  title =         {Analysis of dynamic voltage/frequency scaling in chip-multiprocessors},
  year =          {2007},
  doi =           {10.1145/1283780.1283790},
  isbn =          {978-1-59593-709-4},
}

@inproceedings{mckp,
  address =       {Department of Industrial operations and Engineering, University of michigan, Ann Arbor, Michigan 48109},
  author =        {James C. Bean},
  booktitle =     {Proceedings of the 2007 International Symposium on Low-Power Electronics and Design (ISLPED'07)},
  title =         {Multiple Choice knapsack functions},
  year =          {1987},
}

@inproceedings{DR07,
  address =       {New York, NY, USA},
  author =        {Gaurav Dhiman and Tajana Simunic Rosing},
  booktitle =     {Proceedings of the 2007 International Symposium on Low-Power Electronics and Design (ISLPED'07)},
  pages =         {207--212},
  publisher =     {ACM},
  title =         {Dynamic voltage frequency scaling for multi-tasking systems using online learning},
  year =          {2007},
  doi =           {10.1145/1283780.1283825},
  isbn =          {978-1-59593-709-4},
}

@inproceedings{FRM01,
  author =        {Kriszti{\'a}n Flautner and Steven Reinhardt and Trevor Mudge},
  booktitle =     {Proceedings of the Seventh Annual International Conference on Mobile Computing and Networking (MOBICOM'01)},
  month =         jul,
  title =         {Automatic Performance Setting for Dynamic Voltage Scaling},
  year =          {2001},
  doi =           {10.1145/381677.381702},
}

@article{IMB05,
  author =        {Canturk Isci and Margaret Martonosi and Alper Buyuktosunoglu},
  journal =       {IEEE Micro},
  month =         sep,
  number =        {5},
  pages =         {39--51},
  title =         {Long-term Workload Phases: Duration Predictions and Applications Applications to {DVFS}},
  volume =        {25},
  year =          {2005},
  doi =           {10.1109/MM.2005.93},
}

% ADD AMD's manual here! 
@manual{AMDPow,
  author =        {AMD},
  month =         jun,
  title =         {AMD Family 10h Server and Workstation Processor Power and Thermal Data Sheet},
  year =          {2009},
  url =           {http://support.amd.com/us/Processor_TechDocs/43374.pdf},
}

@inproceedings{DVFSMyths,
  author =        {David C. Snowdon and Sergio Ruocco and Gernot Heiser},
  booktitle =     {Proceedings of the 2005 Workshop on Power Aware Real-time Computing},
  month =         sep,
  title =         {Power Management and Dynamic Voltage Scaling: Myths and Facts},
  year =          {2005},
  url =           {http://www.ertos.nicta.com.au/publications/papers/Snowdon_RH_05.pdf},
}

@inproceedings{finegranedScheduling,
  author =        {Sascha Uhrig and Theo Ungerer},
  booktitle =     {Proceedings of the ACM Symposium on Applied computing (SAC'04)},
  month =         mar,
  pages =         {907--908},
  title =         {Fine-grained Power Management for Multithreaded Processor Cores},
  year =          {2004},
  doi =           {10.1145/967900.968083},
}

@inproceedings{powerbudget,
  address =       {Washington, DC, USA},
  author =        {Canturk Isci and Alper Buyuktosunoglu and Chen-Yong Cher and Pradip Bose and Margaret Martonosi},
  booktitle =     {Proceedings of the $39Ë†{th}$ Annual IEEE/ACM International Symposium on Microarchitecture (MIRCO'06)},
  pages =         {347--358},
  publisher =     {IEEE Computer Society},
  title =         {An Analysis of Efficient Multi-Core Global Power Management Policies: Maximizing Performance for a Given Power Budget},
  year =          {2006},
  doi =           {10.1109/MICRO.2006.8},
  isbn =          {0-7695-2732-9},
}

@inproceedings{VirtualPower,
  address = 	  {Washington, USA},
  author =	  {Ripal Nathuji and Karsten Schwan},
  booktitle =	  {Operating Systems Review,},
  pages =	  {265--278},
  Publisher =	  {ACM},
  title = 	  {VirtualPower: coordinated power management in virtualized enterprise systems},
  year = 	  {2007},
  issn =	  {0163-5980},
}

@inproceedings{PredictionModel,
  address = 	  {Toronto, Ontario, Canada },
  author =	  {Matthew Curtis-Maury and Ankur Shah and Filip Blagojevic and Dimitrios S. Nikolopoulos and Bronis R. de Supinski and Martin Schulz},
  booktitle =	  {Proceedings of the 17th international conference on Parallel architectures and compilation techniques},
  pages =	  {250--259},
  Publisher =	  {ACM},
  title = 	  {Prediction models for multi-dimensional power-performance optimization on many cores},
  year = 	  {2008},
  isbn =	  {978-1-60558-282-5},
}

@inproceedings{Multitasking,
  address = 	  {Toronto, Ontario, Canada },
  author =	  {Divya P. Gulati and Changkyu Kim and Simha Sethumadhavan and Stephen W. Keckler and Doug Burger},
  booktitle =	  {Proceedings of the 17th international conference on Parallel architectures and compilation techniques},
  pages =	  {187--196},
  Publisher =	  {ACM},
  title = 	  {Multitasking workload scheduling on flexible-core chip multiprocessors},
  year = 	  {2008},
  isbn =	  {978-1-60558-282-5},
}

@inproceedings{MultiOptimization,
  address = 	  {Toronto, Ontario, Canada },
  author =	  {Ke Meng and Russ Joseph and Robert P. Dick and Li Shang},
  booktitle =	  {Proceedings of the 17th international conference on Parallel architectures and compilation techniques},
  pages =	  {177--186},
  Publisher =	  {ACM},
  title = 	  {Multi-optimization power management for chip multiprocessors},
  year = 	  {2008},
  isbn =	  {978-1-60558-282-5},
}

@inproceedings{PowerModel,
  address = 	  {San Diego, California, USA},
  author =	  {Francisco Javier Mesa-Martinez and Joseph Nayfach-Battilana and Jose Renau},
  booktitle =	  {International Symposium on Computer Architecture/ Proceedings of the 34th annual international symposium on Computer architecture},
  pages =	  {302--311},
  Publisher =	  {ACM},
  title = 	  {Power model validation through thermal measurements},
  year = 	  {2007},
  isbn =	  {978-1-59593-706-3},
}

@inproceedings{ThermalResponse,
  address = 	  {Portland, OR, USA},
  author =	  {Heather Hansen and Stephen W. Keckler and Soraya Ghiasi and Karthick Rajamani and Freeman Rawson and Juan Rubio},
  booktitle =	  {International Symposium on Computer Architecture/ Proceedings of the 2007 international symposium on Low power electronics and design},
  pages =	  {319--224},
  Publisher =	  {ACM},
  title = 	  {Thermal response to DVFS: analysis with an Intel Pentium},
  year = 	  {2007},
  isbn =	  {978-1-59593-709-4},
}

@inproceedings{Phaseaware,
  address = 	  {Portland, OR, USA},
  author = 	  {Konrad Malkowski Padma Raghavan Mahmut Kandemir Mary Jane Irwin},
  booktitle =	  {International Symposium on Computer Architecture/ Proceedings of the 2007 international symposium on Low power electronics and design},
  pages =	  {403--406},
  Publisher =	  {ACM},
  title = 	  {Phase-aware adaptive hardware selection for power-efficient scientific computations},
  year = 	  {2007},
  isbn =	  {978-1-59593-709-4},
}

@inproceedings{AnIntraTask,
  address = 	  {Ischia, Italy},
  author = 	  {Hiroshi Sasaki and Yoshimichi Ikeda and Masaaki Kondo and Hiroshi Nakamura},
  booktitle =	  {Conference On Computing Frontiers/ Proceedings of the 4th international conference on Computing frontiers}  pages =	       {123--130},
  Publisher =	  {ACM},
  title = 	  {An intra-task dvfs technique based on statistical analysis of hardware events},
  year = 	  {2007},
  isbn =	  {978-1-59593-683-7},
}

@inproceedings{dynamic_compiler_f,
 author = {Wu, Qiang and Martonosi, Margaret and Clark, Douglas W. and Reddi, V. J. and Connors, Dan and Wu, Youfeng and Lee, Jin and Brooks, David},
 title = {A Dynamic Compilation Framework for Controlling Microprocessor Energy and Performance},
 booktitle = {MICRO 38: Proceedings of the 38th annual IEEE/ACM International Symposium on Microarchitecture},
 year = {2005},
 isbn = {0-7695-2440-0},
 pages = {271--282},
 location = {Barcelona, Spain},
 doi = {http://dx.doi.org/10.1109/MICRO.2005.7},
 publisher = {IEEE Computer Society},
 address = {Washington, DC, USA},
 }

@inproceedings{schedulerHPC,
 author = {Boneti, Carlos and Gioiosa, Roberto and Cazorla, Francisco J. and Valero, Mateo},
 title = {A dynamic scheduler for balancing HPC applications},
 booktitle = {SC '08: Proceedings of the 2008 ACM/IEEE conference on Supercomputing},
 year = {2008},
 isbn = {978-1-4244-2835-9},
 pages = {1--12},
 location = {Austin, Texas},
 publisher = {IEEE Press},
 address = {Piscataway, NJ, USA},
 }

@inproceedings{boundingEnergy,
 author = {Rountree, Barry and Lowenthal, David K. and Funk, Shelby and Freeh, Vincent W. and de Supinski, Bronis R. and Schulz, Martin},
 title = {Bounding energy consumption in large-scale MPI programs},
 booktitle = {SC '07: Proceedings of the 2007 ACM/IEEE conference on Supercomputing},
 year = {2007},
 isbn = {978-1-59593-764-3},
 pages = {1--9},
 location = {Reno, Nevada},
 doi = {http://doi.acm.org/10.1145/1362622.1362688},
 publisher = {ACM},
 address = {New York, NY, USA},
 }

@inproceedings{adagio,
 author = {Rountree, Barry and Lownenthal, David K. and de Supinski, Bronis R. and Schulz, Martin and Freeh, Vincent W. and Bletsch, Tyler},
 title = {Adagio: making DVS practical for complex HPC applications},
 booktitle = {ICS '09: Proceedings of the 23rd international conference on Supercomputing},
 year = {2009},
 isbn = {978-1-60558-498-0},
 pages = {460--469},
 location = {Yorktown Heights, NY, USA},
 doi = {http://doi.acm.org/10.1145/1542275.1542340},
 publisher = {ACM},
 address = {New York, NY, USA},
 }

@inproceedings{compilerDirectedDVFS,
 author = {Rangasamy, Arun and Nagpal, Rahul and Srikant, Y.N.},
 title = {Compiler-directed frequency and voltage scaling for a multiple clock domain microarchitecture},
 booktitle = {CF '08: Proceedings of the 5th conference on Computing frontiers},
 year = {2008},
 isbn = {978-1-60558-077-7},
 pages = {209--218},
 location = {Ischia, Italy},
 doi = {http://doi.acm.org/10.1145/1366230.1366267},
 publisher = {ACM},
 address = {New York, NY, USA},
 }

@inproceedings{OperatingSystem,
  address = 	  {Rapallo, Italy},
  author = 	  {Yung-Hsiang Lu and Luca Benini and Giovanni De Micheli},
  booktitle =	  {Conference On Computing Frontiers/ Proceedings of the 4th international conference on Computing frontiers}  pages =	       {37--42},
  Publisher =	  {ACM},
  title = 	  {Operating-system directed power reduction},
  year = 	  {2000},
  isbn =	  {1-58113-190-9},
}

@inproceedings{Accurate,
  address = 	  {San Jose, California, USA},
  author = 	  {Benjamin C. Lee and David M. Brooks},
  booktitle =	  {Architectural Support for Programming Languages and Operating Systems/ Proceedings of the 12th international conference on Architectural support for programming languages and operating systems}
  pages =	  {185--195},
  Publisher =	  {ACM},
  title = 	  {Accurate and efficient regression modeling for microarchitectural performance and power prediction},
  year = 	  {2006},
  isbn =	  {1-59593-451-0},
}

@inproceedings{ImprovingFairness,
  address =       {New York, NY, USA},
  author =        {Masaaki Kondo and Hiroshi Sasaki and Hiroshi Nakamura},
  journal =       {SIGARCH Comput. Archit. News},
  number =        {1},
  pages =         {31--38},
  publisher =     {ACM},
  title =         {Improving fairness, throughput and energy-efficiency on a chip multiprocessor through DVFS},
  volume =        {35},
  year =          {2007},
  doi =           {10.1145/1241601.1241609},
  issn =          {0163-5964},
}

@inproceedings{Prediction,
  address = 	  {Piscaatway, NJ, USA},
  author = 	  {Qian Diao and Justin Song},
  booktitle =	  {2008 IEEE 14th International Symposium on High Performance Computer Architecture}
  pages =	  {27--36},
  Publisher =	  {IEEE},
  title = 	  {Prediction of CPU idle-busy activity pattern},
  year = 	  {2008},
  doi =	          {10.1109/HPCA.2008.4658625}
  isbn = 	  {978-1-4244-2070-4},
}

@inproceedings{C-Oracle,
  author = 	  {Luiz Ramos and Ricardo Bianchini},
  booktitle =	  {Proceedings - International Symposium on High-Performance Computer Architecture},
  pages =	  {111--122},
  Publisher =	  {Inst. of Elec. and Elec. Eng. Computer Society, 445 Hoes Lane - P.O.Box 1331, Piscataway, NJ 08855-1331, United States},
  title = 	  {C-Oracle: predictive thermal management for data centers},
  year = 	  {2008},
  doi =	          {10.1109/HPCA.2008.4658632},
  isbn-13 = 	  {978-1-4244-2070-4},
  issn =	  {15300897},
  
}

@inproceedings{SystemLevel,
  address = 	  {Piscaatway, NJ, USA},
  author = 	  {Wonyoung Kim and Meeta S. Gupta and Gu- Yeon Wei and David Brooks},
  booktitle =	  {2008 IEEE 14th International Symposium on High Performance Computer Architecture}
  pages =	  {123--134},
  Publisher =	  {IEEE},
  title = 	  {System level analysis of fast, per-core DVFS using on-chip switching regulators},
  year = 	  {2008},
  doi =	          {10.1109/HPCA.2008.4658633}
  isbn-13 = 	  {978-1-4244-2070-4},
}

@inproceedings{TemperatureAware,
  author = 	  {Ayse Kivilcim Coskun and Tajana Simunic Rosing and Keith Whisnant},
  booktitle =	  {Proceedings -Design, Automation and Test in Europe, DATE}
  pages =	  {1659--1664},
  Publisher =	  {Institute of Electrical and Electronics Engineers Inc., 445 Hoes Lane / P.O. Box 1331, Piscataway, NJ 08855-1331, United States},
  title = 	  {Temperature aware task scheduling in MPSoCs},
  year = 	  {2007},
  doi =	          {10.1109/DATE.2007.364540}
  isbn = 	  {978-1-4244-2070-4},
  issn =	  {15301591},
  isbn-10 =	  {3981080122},
  isbn-13 =	  {9783981080124},
       
}

@inproceedings{DualPriority,
  address = 	  {Berlin, Germany},
  author = 	  {Taeo Hwang and Jung-Guk Kim and Kwang-Ho Won and Seong-Dong Kim and Dong-Sun Kim},
  booktitle =	  {Ubiquitous Convergence Technology. First International Conference, ICUCT 2006. Revised Selected Papers (Lecture Notes in Computer Science Vol.4412)}
  pages =	  {190--199},
  Publisher =	  {Springer},
  title = 	  {Dual priority scheduling based on power adjust context switching for wireless sensor network},
  year = 	  {2007},
  isbn-10 = 	  {3 540 71788 9},
}

@inproceedings{Thermal,
  address = 	  {Los Alamitos, CA, USA},
  author = 	  {Yongpan Liu and Huazhong Yang and Robert P. Dick and Hui Wang and Li Shang},
  booktitle =	  {2007 IEEE International Symposium on Quality of Electronic Design}
  pages =	  {6pp.},
  Publisher =	  {IEEE Computer Soc},
  title = 	  {Thermal vs energy optimization for DVFS-enabled processors in embedded systems},
  year = 	  {2007},
  isbn-10 = 	  {0 7695 2795 7},
}

@inproceedings{LiveRuntime,
  address = 	  {Los Alamitos, CA, USA},
  author =        {Canturk Isci and Gilberto Contreras and Margaret Martonosi},
  booktitle =     {In: Proceedings of the 39th International Symposium on Microarchitecture (MICRO-39)},
  pages =	  {12pp.},
  Publisher =	  {IEEE Computer Soc},
  title = 	  {Live, runtime phase monitoring and prediction on real systems with application to dynamic power management},
  year = 	  {2006},
  isbn = 	  {0 7695 2732 9},
}


@inproceedings{AsymmetricScheduling,
 address =        {New York, NY, USA},
 author =         {Li,, Tong and Baumberger,, Dan and Koufaty,, David A. and Hahn,, Scott},
 booktitle =      {SC '07: Proceedings of the 2007 ACM/IEEE conference on Supercomputing},
 pages =          {1--11},
 publisher =      {ACM},
 title =          {Efficient operating system scheduling for performance-asymmetric multi-core architectures},
 year =           {2007},
 isbn =           {978-1-59593-764-3},
 location =       {Reno, Nevada},
 doi =            {http://doi.acm.org/10.1145/1362622.1362694},
 }

@inproceedings{OnDemand,
 author =         {Venkatesh Pallipadi and Alexey Starikovskiy},
 booktitle =      {2006 Linux Symposium},
 title =          {The On-demand Governor},
 year =           {2006},
 url =           {http://ftp.funet.fi/pub/Linux/kernel/people/lenb/acpi/doc/OLS2006-ondemand-paper.pdf},
 }

@misc{spec:2006,
    author = {{S}tandard {P}erformance {E}valuation {C}orporation},
    title  = {The {SPEC} {CPU} 2006 Benchmark Suite},
    URL    = {http://www.spec.org},
    year   = 2006
}

@inproceedings{ImpactDVFS,
 author = {Soundararajan,, Niranjan and Vijaykrishnan,, Narayanan and Sivasubramaniam,, Anand},
 title = {Impact of dynamic voltage and frequency scaling on the architectural vulnerability of GALS architectures},
 booktitle = {ISLPED '08: Proceeding of the thirteenth international symposium on Low power electronics and design},
 year = {2008},
 isbn = {978-1-60558-109-5},
 pages = {351--356},
 location = {Bangalore, India},

 doi = {http://doi.acm.org/10.1145/1393921.1394016},
 publisher = {ACM},
 address = {New York, NY, USA},
}

@article{kprobes,
 author = {Krishnakumar,, R.},
 title = {Kernel korner: kprobes-a kernel debugger},
 journal = {Linux J.},
 volume = {2005},
 number = {133},
 year = {2005},
 issn = {1075-3583},
 pages = {11},
 publisher = {Specialized Systems Consultants, Inc.},
 address = {Seattle, WA, USA},
 }

